@article{abanin_colloquium_2019,
 author = {Abanin, Dmitry A. and Altman, Ehud and Bloch, Immanuel and Serbyn, Maksym},
 doi = {10.1103/RevModPhys.91.021001},
 issue = {2},
 journal = {Rev. Mod. Phys.},
 numpages = {26},
 pages = {021001},
 publisher = {American Physical Society},
 title = {Colloquium: Many-body localization, thermalization, and entanglement},
 url = {https://link.aps.org/doi/10.1103/RevModPhys.91.021001},
 volume = {91},
 year = {2019}
}

@article{aditya2023dynamical,
 archiveprefix = {arXiv},
 author = {Sreemayee Aditya and Diptiman Sen},
 eprint = {2305.06056},
 primaryclass = {cond-mat.stat-mech},
 title = {Dynamical localization and slow thermalization in a class of disorder-free periodically driven one-dimensional interacting systems},
 year = {2023}
}

@article{alet_many-body_2018,
 author = {Alet, Fabien and Laflorencie, Nicolas},
 doi = {10.1016/j.crhy.2018.03.003},
 journal = {Comptes Rendus Physique},
 number = {6},
 pages = {498--525},
 title = {Many-body localization: An introduction and selected topics},
 volume = {19},
 year = {2018}
}

@article{anderson_absence_1958,
 author = {Anderson, P. W.},
 doi = {10.1103/PhysRev.109.1492},
 issue = {5},
 journal = {Phys. Rev.},
 numpages = {0},
 pages = {1492--1505},
 publisher = {American Physical Society},
 title = {Absence of Diffusion in Certain Random Lattices},
 volume = {109},
 year = {1958}
}

@book{arfkenmath,
 author = {Arfken, George and Weber, Hans and E. Harris, Frank},
 edition = {7},
 isbn = {9780123846549},
 publisher = {Academic Press},
 title = {Mathematical Methods for Physicists},
 url = {https://www.elsevier.com/books/mathematical-methods-for-
physicists/arfken/978-0-12-384654-9},
 year = {2011}
}

@article{Ashhab2007,
 author = {Ashhab, S. and Johansson, J. R. and Zagoskin, A. M. and Nori, Franco},
 doi = {10.1103/PhysRevA.75.063414},
 issue = {6},
 journal = {Phys. Rev. A},
 numpages = {9},
 pages = {063414},
 publisher = {American Physical Society},
 title = {Two-level systems driven by large-amplitude fields},
 url = {https://link.aps.org/doi/10.1103/PhysRevA.75.063414},
 volume = {75},
 year = {2007}
}

@article{bastidas_quantum_2015,
 author = {Bastidas, V. M. and Omelchenko, I. and Zakharova, A. and Sch\"oll, E. and Brandes, T.},
 doi = {10.1103/PhysRevE.92.062924},
 issue = {6},
 journal = {Phys. Rev. E},
 numpages = {5},
 pages = {062924},
 publisher = {American Physical Society},
 title = {Quantum signatures of chimera states},
 url = {https://link.aps.org/doi/10.1103/PhysRevE.92.062924},
 volume = {92},
 year = {2015}
}

@book{bayat_entanglement_2022,
 doi = {10.1007/978-3-031-03998-0},
 editor = {Bayat, Abolfazl and Bose, Sougato and Johannesson, Henrik},
 isbn = {978-3-031-04000-9},
 publisher = {Springer Cham},
 series = {Quantum Science and Technology},
 title = {Entanglement in Spin Chains},
 year = {2022}
}

@article{beekman_introduction_2019,
 author = {Beekman, Aron J. and Rademaker, Louk and van Wezel, Jasper},
 doi = {10.21468/SciPostPhysLectNotes.11},
 journal = {SciPost Phys. Lect. Notes},
 pages = {11},
 publisher = {SciPost},
 title = {{An introduction to spontaneous symmetry breaking}},
 url = {https://scipost.org/10.21468/SciPostPhysLectNotes.11},
 year = {2019}
}

@article{bhattacharyya_transverse_2012,
 author = {Bhattacharyya, Sirshendu and Das, Arnab and Dasgupta, Subinay},
 doi = {10.1103/PhysRevB.86.054410},
 issue = {5},
 journal = {Phys. Rev. B},
 numpages = {7},
 pages = {054410},
 publisher = {American Physical Society},
 title = {Transverse Ising chain under periodic instantaneous quenches: Dynamical many-body freezing and emergence of slow solitary oscillations},
 url = {https://link.aps.org/doi/10.1103/PhysRevB.86.054410},
 volume = {86},
 year = {2012}
}

@article{blanes_magnus_2009,
 author = {Blanes, S. and Casas, F. and A. Oteo, J. and Ros, J.},
 doi = {10.1016/j.physrep.2008.11.001},
 issn = {0370-1573},
 journal = {Physics Reports},
 number = {5},
 pages = {151--238},
 title = {The {Magnus} expansion and some of its applications},
 volume = {470},
 year = {2009}
}

@article{Blatt_2012,
 author = {Blatt, R. and Roos, C. F.},
 day = {01},
 doi = {10.1038/nphys2252},
 issn = {1745-2481},
 journal = {Nature Physics},
 number = {4},
 pages = {277--284},
 title = {Quantum simulations with trapped ions},
 url = {https://doi.org/10.1038/nphys2252},
 volume = {8},
 year = {2012}
}

@article{Bruno2013,
 author = {Bruno, Patrick},
 doi = {10.1103/PhysRevLett.111.070402},
 issue = {7},
 journal = {Phys. Rev. Lett.},
 numpages = {5},
 pages = {070402},
 publisher = {American Physical Society},
 title = {Impossibility of Spontaneously Rotating Time Crystals: A No-Go Theorem},
 url = {https://link.aps.org/doi/10.1103/PhysRevLett.111.070402},
 volume = {111},
 year = {2013}
}

@article{Bruno_comment_1,
 author = {Bruno, Patrick},
 doi = {10.1103/PhysRevLett.110.118901},
 issue = {11},
 journal = {Phys. Rev. Lett.},
 numpages = {1},
 pages = {118901},
 publisher = {American Physical Society},
 title = {Comment on ``Quantum Time Crystals''},
 url = {https://link.aps.org/doi/10.1103/PhysRevLett.110.118901},
 volume = {110},
 year = {2013}
}

@article{buyskikh_entanglement_2016,
 author = {Buyskikh, Anton S. and Fagotti, Maurizio and Schachenmayer, Johannes and Essler, Fabian and Daley, Andrew J.},
 doi = {10.1103/PhysRevA.93.053620},
 issue = {5},
 journal = {Phys. Rev. A},
 numpages = {11},
 pages = {053620},
 publisher = {American Physical Society},
 title = {Entanglement growth and correlation spreading with variable-range interactions in spin and fermionic tunneling models},
 url = {https://link.aps.org/doi/10.1103/PhysRevA.93.053620},
 volume = {93},
 year = {2016}
}

@article{choi_observation_2017,
 author = {Choi, Soonwon and Choi, Joonhee and Landig, Renate and Kucsko, Georg and Zhou, Hengyun and Isoya, Junichi and Jelezko, Fedor and Onoda, Shinobu and Sumiya, Hitoshi and Khemani, Vedika and von Keyserlingk, Curt and Yao, Norman Y. and Demler, Eugene and Lukin, Mikhail D.},
 doi = {10.1038/nature21426},
 journal = {Nature},
 number = {7644},
 pages = {221--225},
 title = {Observation of discrete time-crystalline order in a disordered dipolar many-body system},
 volume = {543},
 year = {2017}
}

@article{Cirac_1995,
 author = {Cirac, J. I. and Zoller, P.},
 doi = {10.1103/PhysRevLett.74.4091},
 issue = {20},
 journal = {Phys. Rev. Lett.},
 numpages = {0},
 pages = {4091--4094},
 publisher = {American Physical Society},
 title = {Quantum Computations with Cold Trapped Ions},
 url = {https://link.aps.org/doi/10.1103/PhysRevLett.74.4091},
 volume = {74},
 year = {1995}
}

@article{Daniel2020,
 author = {Daniel Zeuch and Fabian Hassler and Jesse J. Slim and David P. DiVincenzo},
 doi = {10.1016/j.aop.2020.168327},
 issn = {0003-4916},
 journal = {Annals of Physics},
 pages = {168327},
 title = {Exact rotating wave approximation},
 volume = {423},
 year = {2020}
}

@article{das_exotic_2010,
 author = {Das, Arnab},
 doi = {10.1103/PhysRevB.82.172402},
 issue = {17},
 journal = {Phys. Rev. B},
 numpages = {4},
 pages = {172402},
 publisher = {American Physical Society},
 title = {Exotic freezing of response in a quantum many-body system},
 url = {https://link.aps.org/doi/10.1103/PhysRevB.82.172402},
 volume = {82},
 year = {2010}
}

@article{de_nova_continuous-time_2022,
 author = {de Nova, J. R. M. and Sols, F.},
 doi = {10.1103/PhysRevA.105.043302},
 issue = {4},
 journal = {Phys. Rev. A},
 numpages = {18},
 pages = {043302},
 publisher = {American Physical Society},
 title = {Continuous-time crystal from a spontaneous many-body Floquet state},
 url = {https://link.aps.org/doi/10.1103/PhysRevA.105.043302},
 volume = {105},
 year = {2022}
}

@article{Deymier2022,
 author = {Deymier, Pierre and Runge, Keith},
 doi = {10.3390/cryst12030399},
 journal = {Crystals},
 number = {3},
 pages = {399},
 title = {Observation of Discrete Floquet Time Crystals in Periodically Driven Acoustic Bubbles},
 url = {https://doi.org/10.3390/cryst12030399},
 volume = {12},
 year = {2022}
}

@article{Dodonov1978,
 author = {V. Dodonov, V. and I. Man'ko, V.},
 doi = {10.1016/0378-4371(78)90075-4},
 journal = {Physica A: Statistical Mechanics and its Applications},
 number = {3},
 pages = {403--412},
 title = {Integrals of motion of pure and mixed quantum systems},
 volume = {94},
 year = {1978}
}

@article{donvil_thermodynamics_2018,
 author = {Donvil, Brecht},
 doi = {10.1088/1742-5468/aab857},
 journal = {Journal of Statistical Mechanics: Theory and Experiment},
 number = {4},
 pages = {043104},
 publisher = {IOP Publishing and SISSA},
 title = {Thermodynamics of a periodically driven qubit},
 volume = {2018},
 year = {2018}
}

@article{dutta2014,
 author = {Nag, Tanay and Roy, Sthitadhi and Dutta, Amit and Sen, Diptiman},
 doi = {10.1103/PhysRevB.89.165425},
 issue = {16},
 journal = {Phys. Rev. B},
 numpages = {5},
 pages = {165425},
 publisher = {American Physical Society},
 title = {Dynamical localization in a chain of hard core bosons under periodic driving},
 url = {https://link.aps.org/doi/10.1103/PhysRevB.89.165425},
 volume = {89},
 year = {2014}
}

@article{Eckardt_2015,
 author = {Andr√© Eckardt and Egidijus Anisimovas},
 doi = {10.1088/1367-2630/17/9/093039},
 journal = {New Journal of Physics},
 number = {9},
 pages = {093039},
 publisher = {IOP Publishing},
 title = {High-frequency approximation for periodically driven quantum systems from a Floquet-space perspective},
 volume = {17},
 year = {2015}
}

@article{else_floquet_2016,
 author = {Else, Dominic V. and Bauer, Bela and Nayak, Chetan},
 doi = {10.1103/PhysRevLett.117.090402},
 issue = {9},
 journal = {Phys. Rev. Lett.},
 numpages = {5},
 pages = {090402},
 publisher = {American Physical Society},
 title = {Floquet Time Crystals},
 url = {https://link.aps.org/doi/10.1103/PhysRevLett.117.090402},
 volume = {117},
 year = {2016}
}

@article{else_prethermal_2017,
 author = {Else, Dominic V. and Bauer, Bela and Nayak, Chetan},
 doi = {10.1103/PhysRevX.7.011026},
 issue = {1},
 journal = {Phys. Rev. X},
 numpages = {21},
 pages = {011026},
 publisher = {American Physical Society},
 title = {Prethermal Phases of Matter Protected by Time-Translation Symmetry},
 url = {https://link.aps.org/doi/10.1103/PhysRevX.7.011026},
 volume = {7},
 year = {2017}
}

@article{frey_realization_2022,
 author = {Philipp Frey and Stephan Rachel},
 doi = {10.1126/sciadv.abm7652},
 journal = {Science Advances},
 number = {9},
 pages = {eabm7652},
 title = {Realization of a discrete time crystal on 57 qubits of a quantum computer},
 url = {https://www.science.org/doi/abs/10.1126/sciadv.abm7652},
 volume = {8},
 year = {2022}
}

@article{Friedenauer2008,
 author = {Friedenauer, A. and Schmitz, H. and Glueckert, J. T. and Porras, D. and Schaetz, T.},
 doi = {10.1038/nphys1032},
 journal = {Nature Physics},
 number = {10},
 pages = {757--761},
 title = {Simulating a quantum magnet with trapped¬†ions},
 volume = {4},
 year = {2008}
}

@article{fuji2017,
 author = {Fujii, K.},
 doi = {10.4236/jmp.2017.812124},
 journal = {Journal of Modern Physics},
 number = {12},
 pages = {2042-2058},
 title = {Introduction to the Rotating Wave Approximation (RWA): Two Coherent Oscillations},
 volume = {8},
 year = {2017}
}

@article{golletz_basis_2022,
 author = {Golletz, Weronika and Czarnecki, Andrzej and Sacha, Krzysztof and Kuro≈õ, Arkadiusz},
 doi = {10.1088/1367-2630/ac8a0d},
 journal = {New J. Phys.},
 number = {9},
 pages = {093002},
 publisher = {IOP Publishing},
 title = {Basis for time crystal phenomena in ultra-cold atoms bouncing on an oscillating mirror},
 volume = {24},
 year = {2022}
}

@article{Grossmann1991,
 author = {Grossmann, F. and Dittrich, T. and Jung, P. and H\"anggi, P.},
 doi = {10.1103/PhysRevLett.67.516},
 issue = {4},
 journal = {Phys. Rev. Lett.},
 numpages = {0},
 pages = {516--519},
 publisher = {American Physical Society},
 title = {Coherent destruction of tunneling},
 url = {https://link.aps.org/doi/10.1103/PhysRevLett.67.516},
 volume = {67},
 year = {1991}
}

@article{haldar_dynamical_2017,
 author = {Haldar, Asmi and Das, Arnab},
 doi = {10.1002/andp.201600333},
 journal = {Annalen der Physik},
 keywords = {dynamical many-body freezing, Floquet system, many-body localozation, periodic Gibbs' ensemble, thermalization},
 number = {7},
 pages = {1600333},
 title = {Dynamical many-body localization and delocalization in periodically driven closed quantum systems},
 urldate = {2023-06-01},
 volume = {529},
 year = {2017}
}

@article{haldar_dynamical_2021,
 author = {Haldar, Asmi and Sen, Diptiman and Moessner, Roderich and Das, Arnab},
 doi = {10.1103/PhysRevX.11.021008},
 issue = {2},
 journal = {Phys. Rev. X},
 numpages = {25},
 pages = {021008},
 publisher = {American Physical Society},
 title = {Dynamical Freezing and Scar Points in Strongly Driven Floquet Matter: Resonance vs Emergent Conservation Laws},
 url = {https://link.aps.org/doi/10.1103/PhysRevX.11.021008},
 volume = {11},
 year = {2021}
}

@article{haldar_statistical_2022,
 author = {Asmi Haldar and Arnab Das},
 doi = {10.1088/1361-648X/ac03d2},
 journal = {Journal of Physics: Condensed Matter},
 number = {23},
 pages = {234001},
 publisher = {IOP Publishing},
 title = {Statistical mechanics of Floquet quantum matter: exact and emergent conservation laws},
 volume = {34},
 year = {2022}
}

@article{harris2020array,
 author = {Charles R. Harris and K. Jarrod Millman and St{\'{e}}fan J. van der Walt and Ralf Gommers and Pauli Virtanen and David Cournapeau and Eric Wieser and Julian Taylor and Sebastian Berg and Nathaniel J. Smith and Robert Kern and Matti Picus and Stephan Hoyer and Marten H. van Kerkwijk and Matthew Brett and Allan Haldane and Jaime Fern{\'{a}}ndez del R{\'{i}}o and Mark Wiebe and Pearu Peterson and Pierre G{\'{e}}rard-Marchant and Kevin Sheppard and Tyler Reddy and Warren Weckesser and Hameer Abbasi and Christoph Gohlke and Travis E. Oliphant},
 doi = {10.1038/s41586-020-2649-2},
 journal = {Nature},
 number = {7825},
 pages = {357--362},
 publisher = {Springer Science and Business Media {LLC}},
 title = {Array programming with {NumPy}},
 url = {https://doi.org/10.1038/s41586-020-2649-2},
 volume = {585},
 year = {2020}
}

@article{ho_critical_2017,
 author = {Ho, Choi, Soonwon and Lukin, Mikhail D. and Abanin, Dmitry A.},
 doi = {10.1103/PhysRevLett.119.010602},
 issue = {1},
 journal = {Phys. Rev. Lett.},
 numpages = {6},
 pages = {010602},
 publisher = {American Physical Society},
 title = {Critical Time Crystals in Dipolar Systems},
 volume = {119},
 year = {2017}
}

@article{huang2018,
 author = {Huang, Biao and Wu, Ying-Hai and Liu, W. Vincent},
 doi = {10.1103/PhysRevLett.120.110603},
 issue = {11},
 journal = {Phys. Rev. Lett.},
 numpages = {7},
 pages = {110603},
 publisher = {American Physical Society},
 title = {Clean Floquet Time Crystals: Models and Realizations in Cold Atoms},
 url = {https://link.aps.org/doi/10.1103/PhysRevLett.120.110603},
 volume = {120},
 year = {2018}
}

@article{Johansson2013,
 author = {R. Johansson, J. and D. Nation, P. and Nori, Franco},
 doi = {10.1016/j.cpc.2012.11.019},
 issn = {0010-4655},
 journal = {Computer Physics Communications},
 keywords = {Open quantum systems, Lindblad, Bloch‚ÄìRedfield, Floquet‚ÄìMarkov, Master equation, Quantum Monte Carlo, Python},
 number = {4},
 pages = {1234--1240},
 title = {QuTiP 2: A Python framework for the dynamics of open quantum systems},
 url = {https://www.sciencedirect.com/science/article/pii/S0010465512003955},
 volume = {184},
 year = {2013}
}

@article{Kayanuma2008,
 author = {Kayanuma, Yosuke and Saito, Keiji},
 doi = {10.1103/PhysRevA.77.010101},
 issue = {1},
 journal = {Phys. Rev. A},
 numpages = {4},
 pages = {010101},
 publisher = {American Physical Society},
 title = {Coherent destruction of tunneling, dynamic localization, and the Landau-Zener formula},
 url = {https://link.aps.org/doi/10.1103/PhysRevA.77.010101},
 volume = {77},
 year = {2008}
}

@article{Keser2016,
 author = {Keser, Aydin Cem and Ganeshan, Sriram and Refael, Gil and Galitski, Victor},
 doi = {10.1103/PhysRevB.94.085120},
 issue = {8},
 journal = {Phys. Rev. B},
 numpages = {8},
 pages = {085120},
 publisher = {American Physical Society},
 title = {Dynamical many-body localization in an integrable model},
 volume = {94},
 year = {2016}
}

@article{khemani_phase_2016,
 author = {Khemani, Vedika and Lazarides, Achilleas and Moessner, Roderich and Sondhi, S. L.},
 doi = {10.1103/PhysRevLett.116.250401},
 issue = {25},
 journal = {Phys. Rev. Lett.},
 numpages = {6},
 pages = {250401},
 publisher = {American Physical Society},
 title = {Phase Structure of Driven Quantum Systems},
 url = {https://link.aps.org/doi/10.1103/PhysRevLett.116.250401},
 volume = {116},
 year = {2016}
}

@article{Kiely2018,
 author = {Kiely, Thomas G. and Freericks, J. K.},
 doi = {10.1103/PhysRevA.97.023611},
 issue = {2},
 journal = {Phys. Rev. A},
 numpages = {7},
 pages = {023611},
 publisher = {American Physical Society},
 title = {Relationship between the transverse-field Ising model and the $XY$ model via the rotating-wave approximation},
 url = {https://link.aps.org/doi/10.1103/PhysRevA.97.023611},
 volume = {97},
 year = {2018}
}

@article{kongkhambut_observation_2022,
 author = {Phatthamon Kongkhambut and Jim Skulte and Ludwig Mathey and Jayson G. Cosme and Andreas Hemmerich and Hans Ke√üler},
 journal = {Science},
 number = {6606},
 pages = {670-673},
 title = {Observation of a continuous time crystal},
 url = {https://www.science.org/doi/abs/10.1126/science.abo3382},
 volume = {377},
 year = {2022}
}

@article{kozin_phys_nodate,
 author = {Kozin, Valerii K. and Kyriienko, Oleksandr},
 doi = {10.1103/PhysRevLett.123.210602},
 issue = {21},
 journal = {Phys. Rev. Lett.},
 numpages = {6},
 pages = {210602},
 publisher = {American Physical Society},
 title = {Quantum Time Crystals from Hamiltonians with Long-Range Interactions},
 url = {https://link.aps.org/doi/10.1103/PhysRevLett.123.210602},
 volume = {123},
 year = {2019}
}

@article{krasnov_spontaneous_2012,
 author = {Krasnov, Kirill},
 doi = {10.1103/PhysRevD.85.125023},
 issue = {12},
 journal = {Phys. Rev. D},
 numpages = {24},
 pages = {125023},
 publisher = {American Physical Society},
 title = {Spontaneous symmetry breaking and gravity},
 url = {https://link.aps.org/doi/10.1103/PhysRevD.85.125023},
 volume = {85},
 year = {2012}
}

@article{kuramoto_coexistence_2002,
 author = {Kuramoto, Yoshiki and Battogtokh, Dorjsuren},
 doi = {10.48550/arXiv.cond-mat/0210694},
 journal = {Nonlinear Phenomena in Complex Systems},
 number = {4},
 pages = {380--385},
 title = {Coexistence of Coherence and Incoherence in Nonlocally Coupled Phase Oscillators},
 url = {http://www.j-npcs.org/abstracts/vol2002/v5no4/v5no4p380.html},
 volume = {5},
 year = {2002}
}

@book{linda_chaos,
 author = {Reichl, Linda},
 doi = {10.1007/978-3-030-63534-3},
 edition = {3},
 isbn = {978-3-030-63533-6},
 publisher = {Springer Cham},
 title = {The Transition to Chaos},
 year = {2021}
}

@article{liu_discrete_2022,
 author = {Liu, Shuo and Zhang, Shi-Xin and Hsieh, Chang-Yu and Zhang, Shengyu and Yao, Hong},
 doi = {10.1103/PhysRevLett.130.120403},
 issue = {12},
 journal = {Phys. Rev. Lett.},
 numpages = {8},
 pages = {120403},
 publisher = {American Physical Society},
 title = {Discrete Time Crystal Enabled by Stark Many-Body Localization},
 url = {https://link.aps.org/doi/10.1103/PhysRevLett.130.120403},
 volume = {130},
 year = {2023}
}

@article{Lu2021,
 author = {Lu, Tsung-Cheng and Grover, Tarun},
 doi = {10.1103/PRXQuantum.2.040319},
 issue = {4},
 journal = {PRX Quantum},
 numpages = {17},
 pages = {040319},
 publisher = {American Physical Society},
 title = {Spacetime duality between localization transitions and measurement-induced transitions},
 url = {https://link.aps.org/doi/10.1103/PRXQuantum.2.040319},
 volume = {2},
 year = {2021}
}

@article{Magnus1954,
 author = {Magnus, Wilhelm},
 doi = {10.1002/cpa.3160070404},
 journal = {Communications on Pure and Applied Mathematics},
 number = {4},
 pages = {649-673},
 title = {On the exponential solution of differential equations for a linear operator},
 volume = {7},
 year = {1954}
}

@article{marko2020,
 author = {Medenjak, Marko and Bu\ifmmode \check{c}\else \v{c}\fi{}a, Berislav and Jaksch, Dieter},
 doi = {10.1103/PhysRevB.102.041117},
 issue = {4},
 journal = {Phys. Rev. B},
 numpages = {7},
 pages = {041117},
 publisher = {American Physical Society},
 title = {Isolated Heisenberg magnet as a quantum time crystal},
 url = {https://link.aps.org/doi/10.1103/PhysRevB.102.041117},
 volume = {102},
 year = {2020}
}

@article{mendes-santos_measuring_2020,
 author = {Mendes-Santos, T. and Giudici, G. and Fazio, R. and Dalmonte, M.},
 doi = {10.1088/1367-2630/ab6875},
 journal = {New Journal of Physics},
 number = {1},
 pages = {013044},
 publisher = {IOP Publishing},
 title = {Measuring von Neumann entanglement entropies without wave functions},
 volume = {22},
 year = {2020}
}

@article{mori_floquet_2023,
 author = {Mori, Takashi},
 doi = {10.1146/annurev-conmatphys-040721-015537},
 journal = {Annual Review of Condensed Matter Physics},
 number = {1},
 pages = {35--56},
 title = {Floquet States in Open Quantum Systems},
 volume = {14},
 year = {2023}
}

@article{nguyen_signature_2021,
 author = {Nguyen, Thanh and Andrejevic, Nina and Po, Hoi Chun and Song, Qichen and Tsurimaki, Yoichiro and Drucker, Nathan C. and Alatas, Ahmet and Alp, Esen E. and Leu, Bogdan M. and Cunsolo, Alessandro and Cai, Yong Q. and Wu, Lijun and Garlow, Joseph A. and Zhu, Yimei and Lu, Hong and Gossard, Arthur C. and Puretzky, Alexander A. and Geohegan, David B. and Huang, Shengxi and Li, Mingda},
 doi = {10.1021/acs.nanolett.1c01905},
 journal = {Nano Letters},
 number = {17},
 pages = {7419--7425},
 title = {Signature of Many-Body Localization of Phonons in Strongly Disordered Superlattices},
 volume = {21},
 year = {2021}
}

@article{nurwantoro_discrete_2019,
 author = {Nurwantoro, Pekik and Bomantara, Raditya Weda and Gong, Jiangbin},
 doi = {10.1103/PhysRevB.100.214311},
 issue = {21},
 journal = {Phys. Rev. B},
 numpages = {10},
 pages = {214311},
 publisher = {American Physical Society},
 title = {Discrete time crystals in many-body quantum chaos},
 url = {https://link.aps.org/doi/10.1103/PhysRevB.100.214311},
 volume = {100},
 year = {2019}
}

@article{Pan2020,
 author = {Pan, Yiming and Wang, Bing},
 doi = {10.1103/PhysRevResearch.2.043239},
 issue = {4},
 journal = {Phys. Rev. Res.},
 numpages = {13},
 pages = {043239},
 publisher = {American Physical Society},
 title = {Time-crystalline phases and period-doubling oscillations in one-dimensional Floquet topological insulators},
 url = {https://link.aps.org/doi/10.1103/PhysRevResearch.2.043239},
 volume = {2},
 year = {2020}
}

@article{panaggio_chimera_2015,
 author = {J Panaggio, Mark and M Abrams, Daniel},
 doi = {10.1088/0951-7715/28/3/R67},
 journal = {Nonlinearity},
 number = {3},
 pages = {R67},
 publisher = {IOP Publishing},
 title = {Chimera states: coexistence of coherence and incoherence in networks of coupled oscillators},
 volume = {28},
 year = {2015}
}

@article{parastesh_chimeras_2021,
 author = {Parastesh, Fatemeh and Jafari, Sajad and Azarnoush, Hamed and Shahriari, Zahra and Wang, Zhen and Boccaletti, Stefano and Perc, Matja≈æ},
 doi = {10.1016/j.physrep.2020.10.003},
 journal = {Physics Reports},
 pages = {1--114},
 title = {Chimeras},
 volume = {898},
 year = {2021}
}

@article{ponte2015,
 author = {Ponte, Pedro and Papi\ifmmode \acute{c}\else \'{c}\fi{}, Z. and Huveneers, Fran\ifmmode \mbox{\c{c}}\else \c{c}\fi{}ois and Abanin, Dmitry A.},
 doi = {10.1103/PhysRevLett.114.140401},
 issue = {14},
 journal = {Phys. Rev. Lett.},
 numpages = {5},
 pages = {140401},
 publisher = {American Physical Society},
 title = {Many-Body Localization in Periodically Driven Systems},
 url = {https://link.aps.org/doi/10.1103/PhysRevLett.114.140401},
 volume = {114},
 year = {2015}
}

@article{rahul_nandkishore_many-body_nodate,
 author = {Nandkishore, Rahul and Huse, David A.},
 doi = {10.1146/annurev-conmatphys-031214-014726},
 journal = {Annual Review of Condensed Matter Physics},
 number = {1},
 pages = {15--38},
 title = {Many-Body Localization and Thermalization in Quantum Statistical Mechanics},
 volume = {6},
 year = {2015}
}

@article{rigol_thermalization_2008,
 author = {Rigol, Marcos and Dunjko, Vanja and Olshanii, Maxim},
 doi = {https://10.1038/nature06838},
 journal = {Nature},
 number = {7189},
 pages = {854--858},
 publisher = {Nature Publishing Group},
 title = {Thermalization and its mechanism for generic isolated quantum systems},
 volume = {452},
 year = {2008}
}

@article{rovny_31mathrmp_2018,
 author = {Rovny, Jared and Blum, Robert L. and Barrett, Sean E.},
 doi = {10.1103/PhysRevB.97.184301},
 issue = {18},
 journal = {Phys. Rev. B},
 numpages = {16},
 pages = {184301},
 publisher = {American Physical Society},
 title = {$^{31}\mathrm{P}$ NMR study of discrete time-crystalline signatures in an ordered crystal of ammonium dihydrogen phosphate},
 url = {https://link.aps.org/doi/10.1103/PhysRevB.97.184301},
 volume = {97},
 year = {2018}
}

@article{rovny_observation_2018,
 author = {Rovny, Jared and Blum, Robert L. and Barrett, Sean E.},
 doi = {10.1103/PhysRevLett.120.180603},
 issue = {18},
 journal = {Phys. Rev. Lett.},
 numpages = {5},
 pages = {180603},
 publisher = {American Physical Society},
 title = {Observation of Discrete-Time-Crystal Signatures in an Ordered Dipolar Many-Body System},
 url = {https://link.aps.org/doi/10.1103/PhysRevLett.120.180603},
 volume = {120},
 year = {2018}
}

@Article{Roy2015,
  author    = {Roy, Analabha and Das, Arnab},
  journal   = {Physical Review B},
  title     = {Fate of dynamical many-body localization in the presence of disorder},
  year      = {2015},
  pages     = {121106},
  volume    = {91},
  copyright = {All rights reserved},
  date      = {2015},
  doi       = {10.1103/PhysRevB.91.121106},
}

@article{russomanno_floquet_2017,
 author = {Russomanno, Angelo and Iemini, Fernando and Dalmonte, Marcello and Fazio, Rosario},
 doi = {10.1103/PhysRevB.95.214307},
 issue = {21},
 journal = {Phys. Rev. B},
 numpages = {12},
 pages = {214307},
 publisher = {American Physical Society},
 title = {Floquet time crystal in the Lipkin-Meshkov-Glick model},
 url = {https://link.aps.org/doi/10.1103/PhysRevB.95.214307},
 volume = {95},
 year = {2017}
}

@article{russomanno_spin_2017,
 author = {Russomanno, Angelo and Friedman, Bat-el and Dalla Torre, Emanuele G.},
 doi = {10.1103/PhysRevB.96.045422},
 issue = {4},
 journal = {Phys. Rev. B},
 numpages = {18},
 pages = {045422},
 publisher = {American Physical Society},
 title = {Spin and topological order in a periodically driven spin chain},
 url = {https://link.aps.org/doi/10.1103/PhysRevB.96.045422},
 volume = {96},
 year = {2017}
}

@article{sacha_modeling_2015,
 author = {Sacha, Krzysztof},
 doi = {10.1103/PhysRevA.91.033617},
 issue = {3},
 journal = {Phys. Rev. A},
 numpages = {5},
 pages = {033617},
 publisher = {American Physical Society},
 title = {Modeling spontaneous breaking of time-translation symmetry},
 url = {https://link.aps.org/doi/10.1103/PhysRevA.91.033617},
 volume = {91},
 year = {2015}
}

@article{sacha_time_2017,
 author = {Krzysztof Sacha and Jakub Zakrzewski},
 doi = {10.1088/1361-6633/aa8b38},
 journal = {Reports on Progress in Physics},
 number = {1},
 pages = {016401},
 publisher = {IOP Publishing},
 title = {Time crystals: a review},
 url = {https://dx.doi.org/10.1088/1361-6633/aa8b38},
 volume = {81},
 year = {2017}
}

@book{sacha_time_nodate,
 author = {Sacha, Krzysztof},
 publisher = {Springer},
 title = {Time Crystals},
 year = {2012}
}

@article{sadler_spontaneous_2006,
 author = {Sadler, L. E. and Higbie, J. M. and Leslie, S. R. and Vengalattore, M. and Stamper-Kurn, D. M.},
 doi = {10.1038/nature05094},
 journal = {Nature},
 pages = {312--315},
 title = {Spontaneous symmetry breaking in a quenched ferromagnetic spinor Bose‚ÄìEinstein condensate},
 volume = {443},
 year = {2006}
}

@article{sai_vinjanampathy_quantum_nodate,
 author = {Vinjanampathy, Sai and Anders, Janet},
 doi = {10.1080/00107514.2016.1201896},
 journal = {Contemporary Physics},
 number = {4},
 pages = {545--579},
 publisher = {Taylor & Francis},
 title = {Quantum thermodynamics},
 volume = {57},
 year = {2016}
}

@article{sakurai_phys_nodate,
 author = {Sakurai, A. and Bastidas, V. M. and Munro, W. J. and Nemoto, Kae},
 doi = {10.1103/PhysRevLett.126.120606},
 issue = {12},
 journal = {Phys. Rev. Lett.},
 numpages = {6},
 pages = {120606},
 publisher = {American Physical Society},
 title = {Chimera Time-Crystalline Order in Quantum Spin Networks},
 url = {https://link.aps.org/doi/10.1103/PhysRevLett.126.120606},
 volume = {126},
 year = {2021}
}

@article{Scharf_1988,
 author = {Scharf, R.},
 doi = {10.1088/0305-4470/21/9/017},
 journal = {Journal of Physics A: Mathematical and General},
 number = {9},
 pages = {2007},
 title = {The Campbell-Baker-Hausdorff expansion for classical and quantum kicked dynamics},
 volume = {21},
 year = {1988}
}

@article{Sen_2021,
 author = {Sen, Arnab and Sen, Diptiman and Sengupta, Krishnendu},
 doi = {10.1088/1361-648X/ac1b61},
 journal = {Journal of Physics: Condensed Matter},
 number = {44},
 pages = {443003},
 publisher = {IOP Publishing},
 title = {Analytic approaches to periodically driven closed quantum systems: methods and applications},
 url = {https://dx.doi.org/10.1088/1361-648X/ac1b61},
 volume = {33},
 year = {2021}
}

@article{shapere_classical_2012,
 author = {Shapere, Alfred and Wilczek, Frank},
 doi = {10.1103/PhysRevLett.109.160402},
 issue = {16},
 journal = {Phys. Rev. Lett.},
 numpages = {4},
 pages = {160402},
 publisher = {American Physical Society},
 title = {Classical Time Crystals},
 url = {https://link.aps.org/doi/10.1103/PhysRevLett.109.160402},
 volume = {109},
 year = {2012}
}

@article{singh_chimera_2011,
 author = {Singh, Rajeev and Dasgupta, Subinay and Sinha, Sitabhra},
 doi = {10.1209/0295-5075/95/10004},
 journal = {Europhysics Letters},
 number = {1},
 pages = {10004},
 title = {Chimera order in spin systems},
 volume = {95},
 year = {2011}
}

@article{smith_many-body_2016,
 author = {Smith, J. and Lee, A. and Richerme, P. and Neyenhuis, B. and Hess, P. W. and Hauke, P. and Heyl, M. and Huse, D. A. and Monroe, C.},
 doi = {10.1038/nphys3783},
 journal = {Nature Physics},
 number = {10},
 pages = {907--911},
 title = {Many-body localization in a quantum simulator with programmable random disorder},
 volume = {12},
 year = {2016}
}

@article{Soham2018,
 author = {Pal, Soham and Nishad, Naveen and Mahesh, T. S. and Sreejith, G. J.},
 doi = {10.1103/PhysRevLett.120.180602},
 issue = {18},
 journal = {Phys. Rev. Lett.},
 numpages = {5},
 pages = {180602},
 publisher = {American Physical Society},
 title = {Temporal Order in Periodically Driven Spins in Star-Shaped Clusters},
 url = {https://link.aps.org/doi/10.1103/PhysRevLett.120.180602},
 volume = {120},
 year = {2018}
}

@article{taheri_all-optical_2022,
 author = {Taheri, Hossein and Matsko, Andrey B. and Maleki, Lute and Sacha, Krzysztof},
 doi = {10.1038/s41467-022-28462-x},
 journal = {Nat Commun},
 pages = {848},
 title = {All-optical dissipative discrete time crystals},
 url = {https://doi.org/10.1038/s41467-022-28462-x},
 volume = {13},
 year = {2022}
}

@article{vanderbruggen_spontaneous_2015,
 author = {Vanderbruggen, T. and √Ålvarez, Silvana Palacios and Coop, S. and Escobar, N. Martinez de and Mitchell, M. W.},
 doi = {10.1209/0295-5075/111/66001},
 journal = {Europhysics Letters},
 number = {6},
 pages = {66001},
 title = {Spontaneous symmetry breaking of a ferromagnetic superfluid in a gradient field},
 volume = {111},
 year = {2015}
}

@article{viennot_quantum_2016,
 author = {Viennot, David and Aubourg, Lucile},
 doi = {10.1016/j.physleta.2015.11.022},
 issn = {0375-9601},
 journal = {Physics Letters A},
 keywords = {Entanglement, Non-hermitian quantum systems, Quantum chaos, Spin chains},
 number = {5},
 pages = {678--683},
 title = {Quantum chimera states},
 url = {https://www.sciencedirect.com/science/article/pii/S0375960115010002},
 urldate = {2023-02-18},
 volume = {380},
 year = {2016}
}

@article{watanabe_absence_2015,
 author = {Watanabe, Haruki and Oshikawa, Masaki},
 doi = {10.1103/PhysRevLett.114.251603},
 issue = {25},
 journal = {Phys. Rev. Lett.},
 numpages = {5},
 pages = {251603},
 publisher = {American Physical Society},
 title = {Absence of Quantum Time Crystals},
 url = {https://link.aps.org/doi/10.1103/PhysRevLett.114.251603},
 volume = {114},
 year = {2015}
}

@article{wilczek_quantum_2012,
 author = {Wilczek, Frank},
 doi = {10.1103/PhysRevLett.109.160401},
 issue = {16},
 journal = {Phys. Rev. Lett.},
 numpages = {5},
 pages = {160401},
 publisher = {American Physical Society},
 title = {Quantum Time Crystals},
 url = {https://link.aps.org/doi/10.1103/PhysRevLett.109.160401},
 volume = {109},
 year = {2012}
}

@article{Yang_1954,
 author = {Yang, C. N. and Mills, R. L.},
 doi = {10.1103/PhysRev.96.191},
 issue = {1},
 journal = {Phys. Rev.},
 numpages = {0},
 pages = {191--195},
 publisher = {American Physical Society},
 title = {Conservation of Isotopic Spin and Isotopic Gauge Invariance},
 url = {https://link.aps.org/doi/10.1103/PhysRev.96.191},
 volume = {96},
 year = {1954}
}

@article{yao_time_2018,
 author = {Yao, Norman Y. and Nayak, Chetan},
 doi = {10.1063/PT.3.4020},
 issn = {0031-9228},
 journal = {Physics Today},
 number = {9},
 pages = {40--47},
 title = {{Time crystals in periodically driven systems}},
 volume = {71},
 year = {2018}
}

@article{yu2019,
 author = {Yu, Wing Chi and Tangpanitanon, Jirawat and Glaetzle, Alexander W. and Jaksch, Dieter and Angelakis, Dimitris G.},
 doi = {10.1103/PhysRevA.99.033618},
 issue = {3},
 journal = {Phys. Rev. A},
 numpages = {7},
 pages = {033618},
 publisher = {American Physical Society},
 title = {Discrete time crystal in globally driven interacting quantum systems without disorder},
 volume = {99},
 year = {2019}
}

@article{zhang_observation_2017,
 author = {Zhang, J. and Hess, P. W. and Kyprianidis, A. and Becker, P. and Lee, A. and Smith, J. and Pagano, G. and Potirniche, I.-D. and Potter, A. C. and Vishwanath, A. and Yao, N. Y. and Monroe, C.},
 doi = {10.1038/nature21413},
 journal = {Nature},
 pages = {217--220},
 publisher = {Nature Publishing Group},
 title = {Observation of a discrete time crystal},
 volume = {543},
 year = {2017}
}

@Comment{jabref-meta: databaseType:bibtex;}
