@Article{sakurai_chimera,
	author    = {Sakurai, A. and Bastidas, V. M. and Munro, W. J. and Nemoto, Kae},
	title     = {Chimera Time-Crystalline Order in Quantum Spin Networks},
	doi       = {10.1103/PhysRevLett.126.120606},
	issue     = {12},
	pages     = {120606},
	url       = {https://link.aps.org/doi/10.1103/PhysRevLett.126.120606},
	volume    = {126},
	journal   = {Phys. Rev. Lett.},
	numpages  = {6},
	publisher = {American Physical Society},
	year      = {2021},
}

@article{VIENNOT2016678,
	title = {Quantum chimera states},
	journal = {Physics Letters A},
	volume = {380},
	number = {5},
	pages = {678-683},
	year = {2016},
	issn = {0375-9601},
	doi = {https://doi.org/10.1016/j.physleta.2015.11.022},
	url = {https://www.sciencedirect.com/science/article/pii/S0375960115010002},
	author = {David Viennot and Lucile Aubourg},
	keywords = {Quantum chaos, Spin chains, Non-hermitian quantum systems, Entanglement},
}
@Article{kuramoto_coexistence_2002,
	author  = {Kuramoto, Yoshiki and Battogtokh, Dorjsuren},
	title   = {Coexistence of Coherence and Incoherence in Nonlocally Coupled Phase Oscillators},
	doi     = {10.48550/arXiv.cond-mat/0210694},
	number  = {4},
	pages   = {380--385},
	url     = {http://www.j-npcs.org/abstracts/vol2002/v5no4/v5no4p380.html},
	volume  = {5},
	journal = {Nonlinear Phenomena in Complex Systems},
	year    = {2002},
}
@Article{singh_chimera_2011,
	author  = {Singh, Rajeev and Dasgupta, Subinay and Sinha, Sitabhra},
	title   = {Chimera order in spin systems},
	doi     = {10.1209/0295-5075/95/10004},
	number  = {1},
	pages   = {10004},
	volume  = {95},
	journal = {Europhysics Letters},
	year    = {2011},
}
@Article{bastidas_quantum_2015,
	author    = {Bastidas, V. M. and Omelchenko, I. and Zakharova, A. and Sch\"oll, E. and Brandes, T.},
	title     = {Quantum signatures of chimera states},
	doi       = {10.1103/PhysRevE.92.062924},
	issue     = {6},
	pages     = {062924},
	url       = {https://link.aps.org/doi/10.1103/PhysRevE.92.062924},
	volume    = {92},
	journal   = {Phys. Rev. E},
	numpages  = {5},
	publisher = {American Physical Society},
	year      = {2015},
}
@Article{Friedenauer2008,
	author  = {Friedenauer, A. and Schmitz, H. and Glueckert, J. T. and Porras, D. and Schaetz, T.},
	title   = {Simulating a quantum magnet with trappedÂ ions},
	doi     = {10.1038/nphys1032},
	number  = {10},
	pages   = {757--761},
	volume  = {4},
	journal = {Nature Physics},
	year    = {2008},
}